<record><leader>00000cas a22000007a 4500</leader><controlfield tag="001">11586312</controlfield><controlfield tag="008">850116d18861889wiuwr ne      0    0eng d</controlfield><datafield ind1=" " ind2=" " tag="010"><subfield code="a">sn 85040016 </subfield></datafield><datafield ind1=" " ind2=" " tag="040"><subfield code="a">NPV</subfield><subfield code="b">eng</subfield><subfield code="c">NPV</subfield><subfield code="d">OCLCQ</subfield></datafield><datafield ind1=" " ind2=" " tag="042"><subfield code="a">msc</subfield></datafield><datafield ind1=" " ind2=" " tag="043"><subfield code="a">n-us-wi</subfield></datafield><datafield ind1=" " ind2=" " tag="045"><subfield code="a">w8w8</subfield></datafield><datafield ind1=" " ind2=" " tag="052"><subfield code="a">4123</subfield><subfield code="b">R6</subfield></datafield><datafield ind1="0" ind2="4" tag="245"><subfield code="a">The Saturday morning sun.</subfield></datafield><datafield ind1="1" ind2="7" tag="246"><subfield code="a">Janesville weekly sun</subfield></datafield><datafield ind1=" " ind2=" " tag="260"><subfield code="a">Janesville, Wis. :</subfield><subfield code="b">J.B. &amp; A.W. Silsbee,</subfield><subfield code="c">1886-1889.</subfield></datafield><datafield ind1=" " ind2=" " tag="300"><subfield code="a">v. :</subfield><subfield code="b">ill.</subfield></datafield><datafield ind1=" " ind2=" " tag="310"><subfield code="a">Weekly</subfield></datafield><datafield ind1="0" ind2=" " tag="362"><subfield code="a">Vol. 5, no. 33 (Jan. 2, 1886)-v. 9, no. 6 (June 8, 1889).</subfield></datafield><datafield ind1=" " ind2=" " tag="515"><subfield code="a">Continues vol. but not no. of Janesville weekly sun.</subfield></datafield><datafield ind1=" " ind2=" " tag="530"><subfield code="a">Available on microfilm from The State Historical Society of Wisconsin.</subfield></datafield><datafield ind1=" " ind2=" " tag="752"><subfield code="a">United States</subfield><subfield code="b">Wisconsin</subfield><subfield code="c">Rock</subfield><subfield code="d">Janesville.</subfield></datafield><datafield ind1="0" ind2="0" tag="780"><subfield code="t">Janesville weekly sun</subfield><subfield code="w">(DLC)sn 85040015</subfield></datafield><datafield ind1="1" ind2=" " tag="029"><subfield code="a">AU@</subfield><subfield code="b">000025795658</subfield></datafield></record>